% This file was created with JabRef 2.7.
% Encoding: Cp1252

@INPROCEEDINGS{kuckuk2018whole,
  author = {Kuckuk, Sebastian and K{\"o}stler, Harald},
  title = {Whole program generation of massively parallel shallow water equation
	solvers},
  booktitle = {2018 IEEE International Conference on Cluster Computing (CLUSTER)},
  year = {2018},
  pages = {78--87},
  organization = {IEEE}
}

@ARTICLE{lawrence2018crossing,
  author = {Lawrence, Bryan N and Rezny, Michael and Budich, Reinhard and Bauer,
	Peter and Behrens, J{\"o}rg and Carter, Mick and Deconinck, Willem
	and Ford, Rupert and Maynard, Christopher and Mullerworth, Steven
	and others},
  title = {Crossing the chasm: how to develop weather and climate models for
	next generation computers?},
  journal = {Geoscientific Model Development},
  year = {2018},
  volume = {11},
  pages = {1799--1821},
  number = {5},
  publisher = {Copernicus GmbH}
}

@ARTICLE{mandalia2011speaker,
  author = {Mandalia, Darshan and Gareta, Pravin and Sharma, Rachna},
  title = {Speaker recognition using mfcc and vector quantization model},
  journal = {Electronics, vol. Program, C, no. May},
  year = {2011},
  pages = {75}
}

@ARTICLE{saxena2013speech,
  author = {Saxena, Aseem and Sinha, Amit Kumar and Chakrawarti, Shashank and
	Charu, Surabhi},
  title = {Speech recognition using matlab},
  journal = {International Journal of Advances in Computer Science and Cloud Computing},
  year = {2013},
  volume = {1},
  pages = {26--30},
  number = {2}
}

@ARTICLE{schulthess2015programming,
  author = {Schulthess, Thomas C},
  title = {Programming revisited},
  journal = {Nature Physics},
  year = {2015},
  volume = {11},
  pages = {369--373},
  number = {5},
  publisher = {Nature Publishing Group}
}

@comment{jabref-meta: selector_keywords:}

@comment{jabref-meta: selector_journal:}

@comment{jabref-meta: selector_publisher:}

@comment{jabref-meta: selector_author:}

@comment{jabref-meta: selector_review:}

